
@ONLINE{TK_Design_thinking_and_others_3,
author = {null},
title = {null},
date   = {01.01.1970},
url = {null},
urldate = {2016-05-18}
}

@ONLINE{holter_13,
author = {null},
title = {null},
date   = {01.01.1970},
url = {null},
urldate = {2016-05-18}
}

@ONLINE{johnmaeda_9,
author = {null},
title = {null},
date   = {01.01.1970},
url = {null},
urldate = {2016-05-18}
}

@ONLINE{fitbit,
author = {null},
title = {null},
date   = {01.01.1970},
url = {null},
urldate = {2016-05-18}
}

@ONLINE{fitbit_scale_6,
author = {null},
title = {null},
date   = {01.01.1970},
url = {null},
urldate = {2016-05-18}
}

@ONLINE{lynnechou_7,
author = {null},
title = {null},
date   = {01.01.1970},
url = {null},
urldate = {2016-05-18}
}

@ONLINE{ziopatch_14,
author = {null},
title = {null},
date   = {01.01.1970},
url = {null},
urldate = {2016-05-18}
}

@ONLINE{newRef_17,
author = {Continua Alliance},
title = {Bluetooth Smart to Continua},
date   = {01.01.1970},
url = {http://www.continuaalliance.org/find-products-certification-process/bluetooth-smart-to-continua-ready},
urldate = {2016-05-18}
}

@ONLINE{newRef_18,
author = {ISO},
title = {ISO 61876},
date   = {01.01.1970},
url = {http://www.iso.org/iso/iso_catalogue/catalogue_tc/catalogue_detail.htm?csnumber=61876},
urldate = {2016-05-18}
}

@ONLINE{newRef_27,
author = {Carsten Maartmann-Moe},
title = {Inception},
date   = {01.01.1970},
url = {http://www.agfahealthcare.com/germany/de/main/products_services/Krankenhaus-Informationssystem/ORBIS_ME/index.jsp},
urldate = {2016-05-18}
}

@ONLINE{newRef_29,
author = {Carsten Maartmann-Moe},
title = {Inception},
date   = {01.01.1970},
url = {http://www.eurekalert.org/pub_releases/2016-04/acoe-cyf040516.php},
urldate = {2016-05-18}
}

@ONLINE{newRef_36,
author = {Carsten Maartmann-Moe},
title = {Inception},
date   = {01.01.1970},
url = {http://redbearlab.com/blenano},
urldate = {2016-05-18}
}

@ONLINE{newRef_37,
author = {Carsten Maartmann-Moe},
title = {Inception},
date   = {01.01.1970},
url = {http://bitalino.com/index.php/freestyle-kit},
urldate = {2016-05-18}
}

@ONLINE{newRef_38,
author = {Carsten Maartmann-Moe},
title = {Inception},
date   = {01.01.1970},
url = {http://zolertia.io/store},
urldate = {2016-05-18}
}

@ONLINE{newRef_39,
author = {Carsten Maartmann-Moe},
title = {Inception},
date   = {01.01.1970},
url = {http://www.snm.ethz.ch/Projects/TmoteSky},
urldate = {2016-05-18}
}

@ONLINE{newRef_41,
author = {Carsten Maartmann-Moe},
title = {Inception},
date   = {01.01.1970},
url = {http://www.shimmersensing.com/shop/ecg-development-kit},
urldate = {2016-05-18}
}

@ONLINE{newRef_42,
author = {Carsten Maartmann-Moe},
title = {Inception},
date   = {01.01.1970},
url = {http://www.shimmersensing.com/shop/shimmer-android-id},
urldate = {2016-05-18}
}

@ONLINE{newRef_43,
author = {Carsten Maartmann-Moe},
title = {Inception},
date   = {01.01.1970},
url = {http://www.microchip.com/wwwproducts/en/RN42},
urldate = {2016-05-18}
}

@ONLINE{newRef_44,
author = {Carsten Maartmann-Moe},
title = {Inception},
date   = {01.01.1970},
url = {https://glneurotech.com/bioradio/},
urldate = {2016-05-18}
}

@ONLINE{newRef_45,
author = {Carsten Maartmann-Moe},
title = {Inception},
date   = {01.01.1970},
url = {https://glneurotech.com/bioradio/support-page/sdk-download/},
urldate = {2016-05-18}
}

@ONLINE{newRef_46,
author = {Carsten Maartmann-Moe},
title = {Inception},
date   = {01.01.1970},
url = {http://www.ti.com/},
urldate = {2016-05-18}
}

@ONLINE{newRef_47,
author = {Carsten Maartmann-Moe},
title = {Inception},
date   = {01.01.1970},
url = {http://www.ti.com/general/docs/refdesignsearchresults.tsp},
urldate = {2016-05-18}
}

@ONLINE{newRef_50,
author = {Carsten Maartmann-Moe},
title = {Inception},
date   = {01.01.1970},
url = {https://devzone.nordicsemi.com/questions/},
urldate = {2016-05-18}
}

@ONLINE{newRef_52,
author = {Carsten Maartmann-Moe},
title = {Inception},
date   = {01.01.1970},
url = {https://www.riot-os.org/#about},
urldate = {2016-05-18}
}

@ONLINE{newRef_53,
author = {Carsten Maartmann-Moe},
title = {Inception},
date   = {01.01.1970},
url = {https://www.nordicsemi.com/eng/Products/nRF51-DK},
urldate = {2016-05-18}
}

@ONLINE{newRef_54,
author = {Carsten Maartmann-Moe},
title = {Inception},
date   = {01.01.1970},
url = {https://developer.mbed.org/},
urldate = {2016-05-18}
}

@ONLINE{newRef_55,
author = {Carsten Maartmann-Moe},
title = {Inception},
date   = {01.01.1970},
url = {http://www.arm.com/},
urldate = {2016-05-18}
}

@ONLINE{newRef_56,
author = {Carsten Maartmann-Moe},
title = {Inception},
date   = {01.01.1970},
url = {https://github.com/peterisza/mobilec},
urldate = {2016-05-18}
}

@ONLINE{newRef_56,,
author = {Carsten Maartmann-Moe},
title = {Inception},
date   = {01.01.1970},
url = {https://github.com/lynchzilla/ecg_simulator },
urldate = {2016-05-18}
}

@ONLINE{newRef_56,
author = {Carsten Maartmann-Moe},
title = {Inception},
date   = {01.01.1970},
url = {https://physionet.org/physiotools/ecgsyn},
urldate = {2016-05-18}
}

@ONLINE{newRef_57,
author = {Carsten Maartmann-Moe},
title = {Inception},
date   = {01.01.1970},
url = {https://physionet.org/physiotools/ecgsyn/},
urldate = {2016-05-18}
}

@ONLINE{newRef_58,
author = {Carsten Maartmann-Moe},
title = {Inception},
date   = {01.01.1970},
url = {https://physionet.org/physiotools/ecgsyn/paper/},
urldate = {2016-05-18}
}

@ONLINE{newRef_59,
author = {Carsten Maartmann-Moe},
title = {Inception},
date   = {01.01.1970},
url = {https://www.bluetooth.com/specifications/adopted-specifications?_ga=1.222469723.1371097346.1463347155},
urldate = {2016-05-18}
}

@ONLINE{newRef_60,
author = {Carsten Maartmann-Moe},
title = {Inception},
date   = {01.01.1970},
url = {https://on.google.com/hub/},
urldate = {2016-05-18}
}

@ONLINE{newRef_61,
author = {Carsten Maartmann-Moe},
title = {Inception},
date   = {01.01.1970},
url = {http://en.cassianetworks.com/},
urldate = {2016-05-18}
}

@ONLINE{newRef_49,
author = {Carsten Maartmann-Moe},
title = {Inception},
date   = {01.01.1970},
url = {http://en.cassianetworks.com/},
urldate = {2016-05-18}
}

ADAFRUIT, REDBEAR, ...: 

@ONLINE{newRef_49,
author = {Carsten Maartmann-Moe},
title = {Inception},
date   = {01.01.1970},
url = {http://en.cassianetworks.com/},
urldate = {2016-05-18}
}



%%%%%%%%%%%%%%%%%%%% ARTICLES %%%%%%%%%%%%%%%%%%%%%%%%%%%%%%%%


@article{patient_monitoring_history,
title = "The use of pocket-size imaging devices: a position statement of the European Association of Echocardiography",
journal = "Eur J Echocardiogr",
pages = "85-87",
year = "2011",
author = "Sicari R, Galderisi M, Voigt JU, Habib G, Zamorano JL, Lancellotti P, et al.",
}

@article{mark_weiser_the_computer_for_the_21st_century,
title = "The use of pocket-size imaging devices: a position statement of the European Association of Echocardiography",
journal = "Eur J Echocardiogr",
pages = "85-87",
year = "2011",
author = "Sicari R, Galderisi M, Voigt JU, Habib G, Zamorano JL, Lancellotti P, et al.",
}


@article{WPP2015_Methodology,
title = "The use of pocket-size imaging devices: a position statement of the European Association of Echocardiography",
journal = "Eur J Echocardiogr",
pages = "85-87",
year = "2011",
author = "Sicari R, Galderisi M, Voigt JU, Habib G, Zamorano JL, Lancellotti P, et al.",
}



@article{helsit_kari_8,
title = "The use of pocket-size imaging devices: a position statement of the European Association of Echocardiography",
journal = "Eur J Echocardiogr",
pages = "85-87",
year = "2011",
author = "Sicari R, Galderisi M, Voigt JU, Habib G, Zamorano JL, Lancellotti P, et al.",
}

@article{deloitte_healthcare3_0_10,
title = "The use of pocket-size imaging devices: a position statement of the European Association of Echocardiography",
journal = "Eur J Echocardiogr",
pages = "85-87",
year = "2011",
author = "Sicari R, Galderisi M, Voigt JU, Habib G, Zamorano JL, Lancellotti P, et al.",
}

@article{Hudson_L._Respir._Care_1985;_30:_638_ff_11,
title = "The use of pocket-size imaging devices: a position statement of the European Association of Echocardiography",
journal = "Eur J Echocardiogr",
pages = "85-87",
year = "2011",
author = "Sicari R, Galderisi M, Voigt JU, Habib G, Zamorano JL, Lancellotti P, et al.",
}

@article{1970_The_aim_and_philosophy_of_patient_monitoring_12,
title = "The use of pocket-size imaging devices: a position statement of the European Association of Echocardiography",
journal = "Eur J Echocardiogr",
pages = "85-87",
year = "2011",
author = "Sicari R, Galderisi M, Voigt JU, Habib G, Zamorano JL, Lancellotti P, et al.",
}

@article{2010_Clinical_Assessment_of_Wireless_ECG_Transmission_in_Real-Time_Cardiac_Telemonitoring_15,
title = "The use of pocket-size imaging devices: a position statement of the European Association of Echocardiography",
journal = "Eur J Echocardiogr",
pages = "85-87",
year = "2011",
author = "Sicari R, Galderisi M, Voigt JU, Habib G, Zamorano JL, Lancellotti P, et al.",
}

@article{Artikler_med_1-2_leads_16,
title = "The use of pocket-size imaging devices: a position statement of the European Association of Echocardiography",
journal = "Eur J Echocardiogr",
pages = "85-87",
year = "2011",
author = "Sicari R, Galderisi M, Voigt JU, Habib G, Zamorano JL, Lancellotti P, et al.",
}

@article{TABLE_HEART_IRREGULARITIES_19,
title = "The use of pocket-size imaging devices: a position statement of the European Association of Echocardiography",
journal = "Eur J Echocardiogr",
pages = "85-87",
year = "2011",
author = "Sicari R, Galderisi M, Voigt JU, Habib G, Zamorano JL, Lancellotti P, et al.",
}

@article{CITATION_NEEDED_20,
title = "The use of pocket-size imaging devices: a position statement of the European Association of Echocardiography",
journal = "Eur J Echocardiogr",
pages = "85-87",
year = "2011",
author = "Sicari R, Galderisi M, Voigt JU, Habib G, Zamorano JL, Lancellotti P, et al.",
}

@article{samtale_med_medtek_st_olavs_21,
title = "The use of pocket-size imaging devices: a position statement of the European Association of Echocardiography",
journal = "Eur J Echocardiogr",
pages = "85-87",
year = "2011",
author = "Sicari R, Galderisi M, Voigt JU, Habib G, Zamorano JL, Lancellotti P, et al.",
}

@article{2007_EEG/ECG_sensor_22,
title = "The use of pocket-size imaging devices: a position statement of the European Association of Echocardiography",
journal = "Eur J Echocardiogr",
pages = "85-87",
year = "2011",
author = "Sicari R, Galderisi M, Voigt JU, Habib G, Zamorano JL, Lancellotti P, et al.",
}

@article{2006_Wearable_Contactless_ECG_23,
title = "The use of pocket-size imaging devices: a position statement of the European Association of Echocardiography",
journal = "Eur J Echocardiogr",
pages = "85-87",
year = "2011",
author = "Sicari R, Galderisi M, Voigt JU, Habib G, Zamorano JL, Lancellotti P, et al.",
}

@article{2009_Muscle_Noise_Cancellation_in_Four-Lead_ECG_System_for_Ubiquitous_Healthcare_24,
title = "The use of pocket-size imaging devices: a position statement of the European Association of Echocardiography",
journal = "Eur J Echocardiogr",
pages = "85-87",
year = "2011",
author = "Sicari R, Galderisi M, Voigt JU, Habib G, Zamorano JL, Lancellotti P, et al.",
}

@article{ds_bok1_25,
title = "The use of pocket-size imaging devices: a position statement of the European Association of Echocardiography",
journal = "Eur J Echocardiogr",
pages = "85-87",
year = "2011",
author = "Sicari R, Galderisi M, Voigt JU, Habib G, Zamorano JL, Lancellotti P, et al.",
}

@article{PAPER_WITH_THE_BEST_ARCHITECTURE_26,
title = "The use of pocket-size imaging devices: a position statement of the European Association of Echocardiography",
journal = "Eur J Echocardiogr",
pages = "85-87",
year = "2011",
author = "Sicari R, Galderisi M, Voigt JU, Habib G, Zamorano JL, Lancellotti P, et al.",
}

@article{ALL_THE_PAPERS_TALKING_ABOUT_MOBILE_GATEWAY_28,
title = "The use of pocket-size imaging devices: a position statement of the European Association of Echocardiography",
journal = "Eur J Echocardiogr",
pages = "85-87",
year = "2011",
author = "Sicari R, Galderisi M, Voigt JU, Habib G, Zamorano JL, Lancellotti P, et al.",
}

@article{article_comprehensiveStudy_30,
title = "The use of pocket-size imaging devices: a position statement of the European Association of Echocardiography",
journal = "Eur J Echocardiogr",
pages = "85-87",
year = "2011",
author = "Sicari R, Galderisi M, Voigt JU, Habib G, Zamorano JL, Lancellotti P, et al.",
}

@article{2010_Support_Mobility_in_HWSN_6LoWPAN_31,
title = "The use of pocket-size imaging devices: a position statement of the European Association of Echocardiography",
journal = "Eur J Echocardiogr",
pages = "85-87",
year = "2011",
author = "Sicari R, Galderisi M, Voigt JU, Habib G, Zamorano JL, Lancellotti P, et al.",
}

@article{article_2013selforganizingMAC_32,
title = "The use of pocket-size imaging devices: a position statement of the European Association of Echocardiography",
journal = "Eur J Echocardiogr",
pages = "85-87",
year = "2011",
author = "Sicari R, Galderisi M, Voigt JU, Habib G, Zamorano JL, Lancellotti P, et al.",
}

@article{2009MACprotocolcomparison_33,
title = "The use of pocket-size imaging devices: a position statement of the European Association of Echocardiography",
journal = "Eur J Echocardiogr",
pages = "85-87",
year = "2011",
author = "Sicari R, Galderisi M, Voigt JU, Habib G, Zamorano JL, Lancellotti P, et al.",
}

@article{2015_IoT_u-healthcare_Finnland_34,
title = "The use of pocket-size imaging devices: a position statement of the European Association of Echocardiography",
journal = "Eur J Echocardiogr",
pages = "85-87",
year = "2011",
author = "Sicari R, Galderisi M, Voigt JU, Habib G, Zamorano JL, Lancellotti P, et al.",
}

@article{inteervju_heidi2013_35,
title = "The use of pocket-size imaging devices: a position statement of the European Association of Echocardiography",
journal = "Eur J Echocardiogr",
pages = "85-87",
year = "2011",
author = "Sicari R, Galderisi M, Voigt JU, Habib G, Zamorano JL, Lancellotti P, et al.",
}

@article{2014_Wireless_Heart_Rate_Monitor_Reference_Design_48,
title = "The use of pocket-size imaging devices: a position statement of the European Association of Echocardiography",
journal = "Eur J Echocardiogr",
pages = "85-87",
year = "2011",
author = "Sicari R, Galderisi M, Voigt JU, Habib G, Zamorano JL, Lancellotti P, et al.",
}

@article{2013_RIOT_OS_-_Towards_an_OS_for_the_Internet_of_Things_51,
title = "The use of pocket-size imaging devices: a position statement of the European Association of Echocardiography",
journal = "Eur J Echocardiogr",
pages = "85-87",
year = "2011",
author = "Sicari R, Galderisi M, Voigt JU, Habib G, Zamorano JL, Lancellotti P, et al.",
}
