%\cite{toast}

@ONLINE{toast,
author = {Google},
title = {Toasts - Android Developers},
date   = {2014},
url = {http://developer.android.com/guide/topics/ui/notifiers/toasts.html},
urldate = {2014-04-29}
}

%%%%%%%%%%%%%%%%%%%%

@ONLINE{inception,
author = {Carsten Maartmann-Moe},
title = {Inception},
date   = {11.10.2011},
url = {http://www.breaknenter.org/projects/inception/},
urldate = {2014-05-18}
}


@ONLINE{metricFuckton,
author = {Capterra},
title = {Top Electronic Medical Records Software Products},
date   = {2014},
url = {http://www.capterra.com/electronic-medical-records-software/},
urldate = {2014-05-24}
}



http://www.capterra.com/electronic-medical-records-software/

@ONLINE{RHF,
author = {Helse- og Omsorgsdepartementet},
title = {De regionale helseforetakene},
date   = {03.02.2011},
url = {http://www.regjeringen.no/nb/dep/hod/tema/sykehus/nokkeltall-og-fakta---ny/de-regionale-helseforetakene.html?id=528110},
urldate = {2014-05-18}
}


@misc{kith:kravspek:ejorunal,
    author = {Torbjørn Nystadnes},
    title = {Kravspesifikasjon elektronisk pasientjournal},
    howpublished = {KITH rapport nr. 09/98},
    year = {30.06.1998},
    note = {\url{http://www.kith.no/templates/kith_WebPage____608.aspx}},
}
 
@ONLINE{top100ehr,
author = {Medical Economics},
title = {The top 100 EHR companies},
date   = {25.10.2013},
url = {http://medicaleconomics.modernmedicine.com/medical-economics/news/top-100-ehr-companies-part-1-4},
urldate = {2014-05-18}
}

@ONLINE{e:estonia,
author = {E-Estonia},
title = {Electronic Health Record},
date   = {2014},
url = {http://e-estonia.com/component/electronic-health-record/},
urldate = {2014-05-18}
}


@misc{evolution:hl7,
author = {Corepoint Health},
title = {The HL7 Evolution},
date   = {2010},
url = {http://www.corepointhealth.com/whitepapers/evolution-hl7},
urldate = {2014-05-18}
}

@ONLINE{intellij,
author = {Jetbrains},
title = {IntelliJ IDEA},
date   = {2014},
url = {http://www.jetbrains.com/idea/},
urldate = {2014-04-29}
}

@ONLINE{genymotion,
author = {Genymotion},
title = {Genymotion},
date   = {2014},
url = {http://www.genymotion.com/},
urldate = {2014-04-29}
}


@ONLINE{gradle,
author = {Gradle},
title = {Gradle, Build automation evolved},
date   = {2014},
url = {http://www.gradle.org/},
urldate = {2014-04-29}
}


@ONLINE{sqlcipher,
author = {Zetetic},
title = {SQLCipher, Open source full database encryption for SQLite},
date   = {2014},
url = {http://sqlcipher.net/},
urldate = {2014-04-29}
}

@ONLINE{crouton,
author = {keyboardsurfer},
title = {GitHub - Crouton},
date   = {2014},
url = {https://github.com/keyboardsurfer/Crouton},
urldate = {2014-04-29}
}

@ONLINE{flatui,
author = {eluleci},
title = {GitHub - FlatUI Kit},
date   = {2014},
url = {https://github.com/eluleci/FlatUI},
urldate = {2014-04-29}
}

@ONLINE{photoview,
author = {Chris Banes},
title = {GitHub - PhotoView},
date   = {2014},
url = {https://github.com/chrisbanes/PhotoView},
urldate = {2014-04-29}
}

@ONLINE{unboundid,
author = {UnboundID},
title = {UnboundID - LDAP SDK},
date   = {2014},
url = {https://www.unboundid.com/products/ldap-sdk/},
urldate = {2014-04-30}
}

@ONLINE{jsch,
author = {JCraft},
title = {JCraft - JSch},
date   = {2014},
url = {http://www.jcraft.com/jsch/},
urldate = {2014-04-30}
}

@ONLINE{interfaceware,
author = {Interfaceware},
title = {Iguana HL7 integration engine},
date   = {2014},
url = {http://www.interfaceware.com/},
urldate = {2014-05-20}
}


@ONLINE{itext,
author = {iText Group},
title = {iText},
date   = {2014},
url = {http://itextpdf.com/},
urldate = {2014-04-30}
}

@ONLINE{git,
author = {Git},
title = {Git},
date   = {2014},
url = {http://git-scm.com/},
urldate = {2014-04-29}
}

@ONLINE{github,
author = {GitHub},
title = {GitHub home},
date   = {2014},
url = {https://github.com/},
urldate = {2014-04-29}
}

@ONLINE{javadoc,
author = {Oracle},
title = {Javadoc Tool Home Page},
date   = {2014},
url = {http://www.oracle.com/technetwork/java/javase/documentation/javadoc-137458.html},
urldate = {2014-04-29}
}

@ONLINE{latex,
author = {LaTeX project},
title = {LaTeX – A document preparation system},
date   = {2014},
url = {http://www.latex-project.org/},
urldate = {2014-04-29}
}

@ONLINE{confluence,
author = {Atlassian},
title = {Confluence, Team Collaboration Software},
date   = {2014},
url = {https://www.atlassian.com/software/confluence},
urldate = {2014-04-29}
}

@ONLINE{jira,
author = {Atlassian},
title = {JIRA},
date   = {2014},
url = {https://www.atlassian.com/get-jira},
urldate = {2014-04-29}
}

@ONLINE{hangouts,
author = {Google},
title = {Google+ Hangouts},
date   = {2014},
url = {http://www.google.com/hangouts/},
urldate = {2014-04-29}
}

@ONLINE{gehealthcare,
author = {GE Healthcare},
title = {GE HealthcareAbout us},
date   = {2014},
url = {http://www3.gehealthcare.com/en/About_Us},
urldate = {2014-04-29}
}

@ONLINE{DIPS,
author = {DIPS},
title = {DIPS Om oss},
date   = {2014},
url = {http://dips.no/nor/om-oss},
urldate = {2014-04-29}
}

@ONLINE{sykehuspartner,
author = {Sykehuspartner},
title = {Sykehuspartner},
date   = {24.04.2014},
url = {http://www.sykehuspartner.no/om-oss/Sider/side.aspx},
urldate = {2014-04-29}
}

@ONLINE{KITH,
author = {KITHompetansesenter for IT i helse- og sosialsektoren},
title = {KITH - Om oss},
date   = {2014},
url = {http://www.kith.no/templates/kith_WebPage____498.aspx},
urldate = {2014-04-29}
}

@ONLINE{helsevest,
author = {Helse Vest},
title = {Helse Vest},
date   = {2014},
url = {http://www.helse-vest.no/},
urldate = {2014-04-29}
}

@ONLINE{nsep,
author = {NSEP},
title = {Norwegian Centre of Electronic Health Records},
date   = {2014},
url = {http://www.ntnu.no/nsep},
urldate = {2014-04-29}
}

@ONLINE{dicom,
author = {NEMA},
title = {DICOM Homepage},
date   = {2014},
url = {http://medical.nema.org/standard.html},
urldate = {2014-04-29}
}

@ONLINE{googledrive,
author = {Google},
title = {Google Drive},
date   = {2014},
url = {https://drive.google.com},
urldate = {2014-04-29}
}

@ONLINE{kerberos,
author = {MIT},
title = {Kerberos: The Network Authentication Protocol},
date   = {2014},
url = {http://web.mit.edu/kerberos/},
urldate = {2014-04-29}
}

@ONLINE{ihe,
author = {IHE},
title = {Integrating the Healthcare Enterprise},
date   = {2014},
url = {http://www.ihe.net},
urldate = {2014-05-20}
}

@ONLINE{vscanquote,
author = {GE Healthcare},
title = {Vscan Pocket Ultrasound},
date   = {2014},
url = {http://www3.gehealthcare.com/en/Products/Categories/Ultrasound/Vscan},
urldate = {2014-05-20}
}

@ONLINE{hl7sample2,
author = {PriorityHealth},
title = {HL7 sample messages},
date   = {2014},
url = {http://www.priorityhealth.com/provider/manual/office-mgmt/data-exchange/hl7/hl7-samples},
urldate = {2014-05-20}
}

@ONLINE{singleton,
author = {Wikipedia},
title = {Singleton pattern},
date   = {2014},
url = {http://en.wikipedia.org/wiki/Singleton_pattern},
urldate = {2014-05-21}
}

@ONLINE{adapter,
author = {Google/Android},
title = {Adapter, Android Developers},
date   = {2014},
url = {http://developer.android.com/reference/android/widget/Adapter.html
},
urldate = {2014-05-21}
}

@ONLINE{viewholder,
author = {Google/Android},
title = {Making ListView Scrolling Smooth, Android Developers},
date   = {2014},
url = {http://developer.android.com/training/improving-layouts/smooth-scrolling.html},
urldate = {2014-05-21}
}

@ONLINE{dipsmultimedia,
author = {DIPS},
title = {DIPS Multimedia lanseres i ny versjon i Norge},
date   = {2014},
url = {http://www.dips.no/nor/kundecase/?&displayitem=279&module=news
},
urldate = {2014-05-23}
}



@article{Bass2003187,
title = "Linking usability to software architecture patterns through general scenarios ",
journal = "Journal of Systems and Software",
volume = "66",
number = "3",
pages = "187 - 197",
year = "2003",
note = "Software architecture -- Engineering quality attributes ",
issn = "0164-1212",
doi = "http://dx.doi.org/10.1016/S0164-1212(02)00076-6",
url = "http://www.sciencedirect.com/science/article/pii/S0164121202000766",
author = "Len Bass and Bonnie E. John",
keywords = "Usability",
keywords = "Software architecture",
keywords = "Software patterns",
keywords = "Scenarios "
}

@INPROCEEDINGS{6006077, 
author={Kumar, K. and Jing Feng and Nimmagadda, Y. and Yung-Hsiang Lu}, 
booktitle={Computer Communications and Networks (ICCCN), 2011 Proceedings of 20th International Conference on}, 
title={Resource Allocation for Real-Time Tasks Using Cloud Computing}, 
year={2011}, 
month={July}, 
pages={1-7}, 
keywords={cloud computing;computational complexity;optimisation;processor scheduling;resource allocation;cloud computing;constrained optimization problem;earliest deadline first method;elasticity;infrastructure as a service model;polynomial-time solution;real-time tasks;resource allocation;Cloud computing;Equations;Optimization;Program processors;Real time systems;Resource management;Virtual machining}, 
doi={10.1109/ICCCN.2011.6006077}, 
ISSN={1095-2055},}


@INPROCEEDINGS{Halderman08leastwe,
    author = {J. Alex Halderman and Seth D. Schoen and Nadia Heninger and William Clarkson and William Paul and Joseph A. Cal and Ariel J. Feldman and Edward W. Felten},
    title = {Least we remember: Cold boot attacks on encryption keys},
    booktitle = {In USENIX Security Symposium},
    year = {2008}
}

@ARTICLE{2014arXiv1405.3760S,
   author = {{Spreitzer}, R.},
    title = "{PIN Skimming: Exploiting the Ambient-Light Sensor in Mobile Devices}",
  journal = {ArXiv e-prints},
archivePrefix = "arXiv",
   eprint = {1405.3760},
 primaryClass = "cs.CR",
 keywords = {Computer Science - Cryptography and Security},
     year = 2014,
    month = may,
   adsurl = {http://adsabs.harvard.edu/abs/2014arXiv1405.3760S},
  adsnote = {Provided by the SAO/NASA Astrophysics Data System}
}


@ARTICLE{rel_openehr1,
   author = {Schloeffel, P. et al},
    title = "{The relationship between CEN 13606, HL7, and openEHR}",
  journal = {HIC 2006},
     year = 2006,
   adsurl = {http://www.openehr.org/wiki/display/resources/HIC+2006+-+Sydney,+Australia},
}

@ONLINE{rel:openehr,
author = {Schloeffel et. al},
title = {The relationship between CEN 13606, HL7, and openEHR},
date   = {2006},
url = {http://www.openehr.org/wiki/display/resources/HIC+2006+-+Sydney,+Australia
},
urldate = {2014-05-23}
}

@misc{cryptoeprint:2013:857,
    author = {Daniel Genkin and Adi Shamir and Eran Tromer},
    title = {RSA Key Extraction via Low-Bandwidth Acoustic Cryptanalysis},
    howpublished = {Cryptology ePrint Archive, Report 2013/857},
    year = {2013},
    note = {\url{http://eprint.iacr.org/}},
}

@article{Kimura199859,
title = "MERIT-9: a patient information exchange guideline using MML, \{HL7\} and \{DICOM\} ",
journal = "International Journal of Medical Informatics ",
volume = "51",
number = "1",
pages = "59 - 68",
year = "1998",
note = "",
issn = "1386-5056",
doi = "http://dx.doi.org/10.1016/S1386-5056(98)00090-2",
url = "http://www.sciencedirect.com/science/article/pii/S1386505698000902",
author = "Michio Kimura and Kazuhiko Ohe and Hiroyuki Yoshihara and Yutaka Ando and Fumiaki Kawamata and Fumito Tsuchiya and Hiroyuki Furukawa and Shingo Horiguchi and Takaya Sakusabe and Shigeki Tani and Masanori Akiyama",
keywords = "Medical data standard",
keywords = "Hospital information systems",
keywords = "Computerized medical record systems",
keywords = "Community network",
keywords = "Telemedicine "
}

@misc{ousDocuments_riskAssesment,
    author = {OUS},
    title = {Mal for risikovurdering},
    howpublished = {},
    year = {},
    note = {},
}

@misc{ousDocuments_patternRecognition,
    author = {OUS},
    title = {Mal for risikovurdering},
    howpublished = {},
    year = {},
    note = {},
}

@TECHREPORT{MSU-CSE-00-2,
  AUTHOR =        {Anil K. Jain and Lin Hong and Sharath Pankanti},
  TITLE =         {Biometrics: Promising frontiers for emerging identification
                   market},
  
  INSTITUTION =   {Department of Computer Science, Michigan State University},
  ADDRESS =       {East Lansing, Michigan},
  ABSTRACT =      {An accurate automatic personal identification is critical to
                   wide range of application domains such as access control,
                   electronic commerce, and welfare benefits disbursement.
                   Traditional personal identification methods (e.g., password,
                   PIN) suffer from a number of drawbacks and are unable to
                   satisfy the security requirement of our highly
                   inter-connected information society. Biometrics refers to
                   automatic identification of an individual based on her
                   physiological or behavioral traits. While biometrics is not
                   an identification panacea, it is beginning to provide very
                   powerful tools for the problems requiring positive
                   identification. },
  KEYWORDS =      {},
  NOTE =          {},
  MONTH =         {February},
  YEAR  =         {2000},
  AUTHOR1_URL =   {http://www.cse.msu.edu/~jain},
  AUTHOR1_EMAIL = {jain@cse.msu.edu},
  PAGES =         {},
  FILE  =         {/user/web/htdocs/publications/tech/TR/MSU-CSE-00-2.ps.gz},
  URL   =         {},
  CONTACT =       {jain@cse.msu.edu}
}


@TECHREPORT{1504552, 
author={Bachmann, F. and Bass, L. and Nord, R.}, 
title={Modifiability Tactics}, 
NUMBER ={CMU/SEI-2007-TR-002},
Publisher={Software Engineering Institute},
year={2007}, 
month={Sept} 
}


@ONLINE{hl7numbers,
author = {Health Level 7},
title = {HL7 Version 2 Product Suite},
date   = {2014},
url = {http://www.hl7.org/implement/standards/product_brief.cfm?product_id=185},
urldate = {2014-05-21}
}

@ONLINE{AIUM,
author = {American Institute of Ultrasound in Medicine },
title = {History of the AIUM},
date   = {2005},
url = {http://web.archive.org/web/20051103064941/http://www.aium.org/aboutAIUM/timeline/1950.asp},
urldate = {2014-05-23}
}

@ONLINE{vscan_awards,
author = {GE Healthcare},
title = {Vscan awards},
date   = {2010\\},
url = {https://vscan.gehealthcare.com/awards},
urldate = {2014-05-24}
}


@article{ehrDevelopment,
title = "Development of the Electronic Health Record",
journal = "Virtual Mentor",
volume = "13",
number = "3",
pages = "186-189",
year = "2011",
url = "http://virtualmentor.ama-assn.org/2011/03/mhst1-1103.html",
author = "Jim Atherton, MD",
keywords = "Medical data standard",
keywords = "Hospital information systems",
keywords = "Computerized medical record systems",
}

@book{softwarearchitecture,
    author    = "Bass, L. and Clements, P. and Kazman, R.",
    title     = "Software Architecture in Practice",
    year      = "2013",
    edition  = "3rd edition",
    publisher = "Pearson",
    address   = "Saddle River, New Jersey"
}

@article{EFSUMB,
title = "Educational Activities of EFSUMB",
journal = "EFSUMB Course Book on Ultrasound",
pages = "7-10",
year = "2012",
author = "Gilja OH, Nielsen MB, Tuma J.",
}

@article{EACVI,
title = "The use of pocket-size imaging devices: a position statement of the European Association of Echocardiography",
journal = "Eur J Echocardiogr",
pages = "85-87",
year = "2011",
author = "Sicari R, Galderisi M, Voigt JU, Habib G, Zamorano JL, Lancellotti P, et al.",
}


@ONLINE{dicom_standard,
author = {NEMA},
title = {About DICOM},
date   = {2014},
url = {http://medical.nema.org/Dicom/about-DICOM.html},
urldate = {2014-05-24}
}

@ONLINE{posicom,
author = {Posicom},
title = {About Posicom},
date   = {2014},
url = {http://www.posicom.no/about-posicom/},
urldate = {2014-05-25}
}

@ONLINE{android_service,
author = {Android},
title = {Android services},
date   = {2014},
url = {http://developer.android.com/guide/components/services.html},
urldate = {2014-05-25}
}

@ONLINE{xamarin,
author = {Xamarin},
title = {Create amazing Android apps with C# and .NET},
date   = {2014},
url = {http://xamarin.com/android},
urldate = {2014-05-25}
}

@ONLINE{dips_pioneer,
author = {DIPS},
title = {Standards},
date   = {2014},
url = {http://www2.dips.no/eng/our-solutions/standards?lang=eng},
urldate = {2014-05-26}
}

@ONLINE{hl7RIM,
author = {HL7},
title = {HL7 Reference Information Model},
date   = {2014},
url = {http://www.hl7.org/implement/standards/rim.cfm},
urldate = {2014-05-28}
}

@ONLINE{helseVest,
author = {Helse Vest IT},
title = {Arketyper},
date   = {2014},
url = {http://helse-bergen.no/fagfolk/planverk/nikt/Lists/Arketyper/AllItems.aspx},
urldate = {2014-05-28}
}

@ONLINE{hl7CDAR2,
author = {HL7},
title = {HL7 Standards Product Brief - CDA Release 2},
date   = {2014},
url = {http://www.hl7.org/implement/standards/product_brief.cfm?product_id=7},
urldate = {2014-05-28}
}

@ONLINE{openEHR,
author = {OpenEHR},
title = {Clinical Knowledge Manager},
date   = {2014},
url = {http://openehr.org/ckm/},
urldate = {2014-05-28}
}

@ONLINE{parcelable,
author = {Google, Android Developers},
title = {Parcelable},
date   = {2014},
url = {http://developer.android.com/reference/android/os/Parcelable.html},
urldate = {2014-05-28}
}


@book{Baeza-Yates:1999:MIR:553876,
 author = {Baeza-Yates, Ricardo A. and Ribeiro-Neto, Berthier},
 title = {Modern Information Retrieval},
 year = {1999},
 isbn = {020139829X},
 publisher = {Addison-Wesley Longman Publishing Co., Inc.},
 address = {Boston, MA, USA},
} 

@ONLINE{ACUSONP10,
author = {Siemens},
title = {ACUSON P10 Ultrasound system},
date   = {2014},
url = {http://usa.healthcare.siemens.com/ultrasound/cardiovascular/acuson-p10-ultrasound-system},
urldate = {2014-05-29}
}

@ONLINE{orbis,
author = {AGFA Healthcare},
title = {ORBIS Medical},
date   = {2014},
url = {http://www.agfahealthcare.com/global/en/main/products_services/hospital_information_management/clinical_information_systems/orbis_medical.jsp},
urldate = {2014-05-29}
}

@ONLINE{indremedisineren,
author = {Mjølstad, Ole Christian et. al},
title = {Lommeultralyd - det nye stetoskopet?},
date   = {2014},
url = {http://www.indremedisineren.no/2013/11/ultralyd/},
urldate = {2014-05-29}
}

@ONLINE{MobiUSSP1,
author = {Mobisante},
title = {Smartphone Ultrasound, MobiUS SP1},
date   = {2014},
url = {http://www.mobisante.com/products/product-overview/},
urldate = {2014-05-29}
}

@ONLINE{virtualBox,
author = {Oracle},
title = {VirtualBox},
date   = {2014},
url = {https://www.virtualbox.org/wiki/Downloads},
urldate = {2014-05-29}
}

@ONLINE{android_pop,
author = {Gartner},
title = {Gartner Says Annual Smartphone Sales Surpassed Sales of Feature Phones for the First Time in 2013},
date   = {2014},
url = {http://www.gartner.com/newsroom/id/2665715},
urldate = {2014-05-29}
}

@ONLINE{iee829,
author = {IEEE},
title = {IEE SA - 829-1998},
date   = {2014},
url = {http://standards.ieee.org/findstds/standard/829-1998.html},
urldate = {2014-05-29}
}


%\cite{orbis}
http://www.agfahealthcare.com/global/en/main/products_services/hospital_information_management/clinical_information_systems/orbis_medical.jsp

%\cite{indremedisineren}
http://www.indremedisineren.no/2013/11/ultralyd/


%\cite{ACUSONP10}
http://usa.healthcare.siemens.com/ultrasound/cardiovascular/acuson-p10-ultrasound-system

%\cite{MobiUSSP1}
http://www.mobisante.com/products/product-overview/

%\cite{virtualBox}
https://www.virtualbox.org/wiki/Downloads

%\cite{android_pop}
http://www.gartner.com/newsroom/id/2665715